@article{Doebley2006,
  doi = {10.1016/j.cell.2006.12.006},
  url = {https://doi.org/10.1016/j.cell.2006.12.006},
  year  = {2006},
  month = {dec},
  publisher = {Elsevier {BV}},
  volume = {127},
  number = {7},
  pages = {1309--1321},
  author = {John F. Doebley and Brandon S. Gaut and Bruce D. Smith},
  title = {The Molecular Genetics of Crop Domestication},
  journal = {Cell}}
  
@article{Hammer1984,
  doi = {10.1007/bf02098682},
  url = {https://doi.org/10.1007/bf02098682},
  year  = {1984},
  month = {jun},
  publisher = {Springer Nature},
  volume = {32},
  number = {1},
  pages = {11--34},
  author = {Karl Hammer},
  title = {Das Domestikationssyndrom},
  journal = {Die Kulturpflanze}
}

@article{Pickersgill2018,
  doi = {10.3389/fevo.2018.00056},
  url = {https://doi.org/10.3389/fevo.2018.00056},
  year  = {2018},
  month = {may},
  publisher = {Frontiers Media {SA}},
  volume = {6},
  author = {Barbara Pickersgill},
  title = {Parallel vs. Convergent Evolution in Domestication and Diversification of Crops in the Americas},
  journal = {Frontiers in Ecology and Evolution}
}

@Article{pmid8379002,
   Author="Bennetzen, J. L.  and Freeling, M. ",
   Title="{{G}rasses as a single genetic system: genome composition, collinearity and compatibility}",
   Journal="Trends Genet.",
   Year="1993",
   Volume="9",
   Number="8",
   Pages="259--261",
   Month="Aug"
}

@Article{pmid11244100,
   Author="Freeling, M. ",
   Title="{{G}rasses as a single genetic system: reassessment 2001}",
   Journal="Plant Physiol.",
   Year="2001",
   Volume="125",
   Number="3",
   Pages="1191--1197",
   Month="Mar"
}

@article{BOUCHENAKKHELLADI2010,
  doi = {10.1111/j.1095-8339.2010.01041.x},
  url = {https://doi.org/10.1111/j.1095-8339.2010.01041.x},
  year  = {2010},
  month = {apr},
  publisher = {Oxford University Press ({OUP})},
  volume = {162},
  number = {4},
  pages = {543--557},
  author = {YANIS BOUCHENAK-KHELLADI and G. ANTHONY VERBOOM and VINCENT SAVOLAINEN and TREVOR R. HODKINSON},
  title = {Biogeography of the grasses (Poaceae): a phylogenetic approach to reveal evolutionary history in geographical space and geological time},
  journal = {Botanical Journal of the Linnean Society}
}

@article{Kellogg2001,
  doi = {10.1104/pp.125.3.1198},
  url = {https://doi.org/10.1104/pp.125.3.1198},
  year  = {2001},
  month = {mar},
  publisher = {American Society of Plant Biologists ({ASPB})},
  volume = {125},
  number = {3},
  pages = {1198--1205},
  author = {E. A. Kellogg},
  title = {Evolutionary History of the Grasses},
  journal = {{PLANT} {PHYSIOLOGY}}
}

@article{Paterson2004,
  doi = {10.1073/pnas.0307901101},
  url = {https://doi.org/10.1073/pnas.0307901101},
  year  = {2004},
  month = {may},
  publisher = {Proceedings of the National Academy of Sciences},
  volume = {101},
  number = {26},
  pages = {9903--9908},
  author = {A. H. Paterson and J. E. Bowers and B. A. Chapman},
  title = {Ancient polyploidization predating divergence of the cereals,  and its consequences for comparative genomics},
  journal = {Proceedings of the National Academy of Sciences}
}

@article{Levy2002,
  doi = {10.1104/pp.015727},
  url = {https://doi.org/10.1104/pp.015727},
  year  = {2002},
  month = {dec},
  publisher = {American Society of Plant Biologists ({ASPB})},
  volume = {130},
  number = {4},
  pages = {1587--1593},
  author = {A. A. Levy},
  title = {The Impact of Polyploidy on Grass Genome Evolution},
  journal = {{PLANT} {PHYSIOLOGY}}
}

@article{Wicker2016,
  doi = {10.1038/ncomms12790},
  url = {https://doi.org/10.1038/ncomms12790},
  year  = {2016},
  month = {sep},
  publisher = {Springer Nature},
  volume = {7},
  pages = {12790},
  author = {Thomas Wicker and Yeisoo Yu and Georg Haberer and Klaus F. X. Mayer and Pradeep Reddy Marri and Steve Rounsley and Mingsheng Chen and Andrea Zuccolo and Olivier Panaud and Rod A. Wing and Stefan Roffler},
  title = {{DNA} transposon activity is associated with increased mutation rates in genes of rice and other grasses},
  journal = {Nature Communications}
}

@article{Lisch2001,
  doi = {10.1104/pp.125.3.1293},
  url = {https://doi.org/10.1104/pp.125.3.1293},
  year  = {2001},
  month = {mar},
  publisher = {American Society of Plant Biologists ({ASPB})},
  volume = {125},
  number = {3},
  pages = {1293--1303},
  author = {D. R. Lisch},
  title = {Mutator Transposase Is Widespread in the Grasses},
  journal = {{PLANT} {PHYSIOLOGY}}
}

@article{Lisch2013,
  doi = {10.1038/nrg3374},
  url = {https://doi.org/10.1038/nrg3374},
  year  = {2013},
  month = {jan},
  publisher = {Springer Nature},
  volume = {14},
  number = {1},
  pages = {49--61},
  author = {Damon Lisch},
  title = {How important are transposons for plant evolution?},
  journal = {Nature Reviews Genetics}
}

@article{Tenaillon2011,
  doi = {10.1093/gbe/evr008},
  url = {https://doi.org/10.1093/gbe/evr008},
  year  = {2011},
  month = {jan},
  publisher = {Oxford University Press ({OUP})},
  volume = {3},
  pages = {219--229},
  author = {Maud I. Tenaillon and Matthew B. Hufford and Brandon S. Gaut and Jeffrey Ross-Ibarra},
  title = {Genome Size and Transposable Element Content as Determined by High-Throughput Sequencing in Maize and Zea luxurians},
  journal = {Genome Biology and Evolution}
}

@article{Jain1993,
  doi = {10.1017/s0889189300004938},
  url = {https://doi.org/10.1017/s0889189300004938},
  year  = {1993},
  month = {mar},
  publisher = {Cambridge University Press ({CUP})},
  volume = {8},
  number = {01},
  pages = {47},
  author = {Subodh Jain},
  title = {Crops and Man. 2nd ed. 1992. By Jack R. Harlan. American Society of Agronomy,  677 S. Segoe Road,  Madison,  {WI} 53711. 284 pp. {\textdollar}34 hardcover.},
  journal = {American Journal of Alternative Agriculture}
}

@incollection{Gepts2010,
  doi = {10.1002/9780470650288.ch1},
  url = {https://doi.org/10.1002/9780470650288.ch1},
  year  = {2010},
  month = {jun},
  publisher = {John Wiley {\&} Sons,  Inc.},
  pages = {1--44},
  author = {Paul Gepts},
  title = {Crop Domestication as a Long-Term Selection Experiment},
  booktitle = {Plant Breeding Reviews}
}

@article{Glmin2009,
  doi = {10.1111/j.1469-8137.2009.02884.x},
  url = {https://doi.org/10.1111/j.1469-8137.2009.02884.x},
  year  = {2009},
  month = {jun},
  publisher = {Wiley},
  volume = {183},
  number = {2},
  pages = {273--290},
  author = {Sylvain Gl{\'{e}}min and Thomas Bataillon},
  title = {A comparative view of the evolution of grasses under domestication},
  journal = {New Phytologist}
}

@article{Lenser2013,
  doi = {10.1016/j.tplants.2013.08.007},
  url = {https://doi.org/10.1016/j.tplants.2013.08.007},
  year  = {2013},
  month = {dec},
  publisher = {Elsevier {BV}},
  volume = {18},
  number = {12},
  pages = {704--714},
  author = {Teresa Lenser and G\"{u}nter Thei{\ss}en},
  title = {Molecular mechanisms involved in convergent crop domestication},
  journal = {Trends in Plant Science}
}

@article{Huang2017,
  doi = {10.1073/pnas.1718058115},
  url = {https://doi.org/10.1073/pnas.1718058115},
  year  = {2017},
  month = {dec},
  publisher = {Proceedings of the National Academy of Sciences},
  volume = {115},
  number = {2},
  pages = {E334--E341},
  author = {Cheng Huang and Huayue Sun and Dingyi Xu and Qiuyue Chen and Yameng Liang and Xufeng Wang and Guanghui Xu and Jinge Tian and Chenglong Wang and Dan Li and Lishuan Wu and Xiaohong Yang and Weiwei Jin and John F. Doebley and Feng Tian},
  title = {{ZmCCT}9enhances maize adaptation to higher latitudes},
  journal = {Proceedings of the National Academy of Sciences}
}

@Article{pmid8058838,
   Author="Stapleton, A. E.  and Walbot, V. ",
   Title="{{F}lavonoids can protect maize {D}{N}{A} from the induction of ultraviolet radiation damage}",
   Journal="Plant Physiol.",
   Year="1994",
   Volume="105",
   Number="3",
   Pages="881--889",
   Month="Jul"
}

@article{Gould2004,
  doi = {10.1155/s1110724304406147},
  url = {https://doi.org/10.1155/s1110724304406147},
  year  = {2004},
  publisher = {Hindawi Limited},
  volume = {2004},
  number = {5},
  pages = {314--320},
  author = {Kevin S. Gould},
  title = {Nature's Swiss Army Knife: The Diverse Protective Roles of Anthocyanins in Leaves},
  journal = {Journal of Biomedicine and Biotechnology}
}

@article{Pyhjrvi2013,
  doi = {10.1093/gbe/evt109},
  url = {https://doi.org/10.1093/gbe/evt109},
  year  = {2013},
  month = {jul},
  publisher = {Oxford University Press ({OUP})},
  volume = {5},
  number = {9},
  pages = {1594--1609},
  author = {Tanja Pyh\"{a}j\"{a}rvi and Matthew B. Hufford and Sofiane Mezmouk and Jeffrey Ross-Ibarra},
  title = {Complex Patterns of Local Adaptation in Teosinte},
  journal = {Genome Biology and Evolution}
}

@article{Wang2016,
  doi = {10.1038/ng.3636},
  url = {https://doi.org/10.1038/ng.3636},
  year  = {2016},
  month = {aug},
  publisher = {Springer Nature},
  volume = {48},
  number = {10},
  pages = {1233--1241},
  author = {Xianglan Wang and Hongwei Wang and Shengxue Liu and Ali Ferjani and Jiansheng Li and Jianbing Yan and Xiaohong Yang and Feng Qin},
  title = {Genetic variation in {ZmVPP}1 contributes to drought tolerance in maize seedlings},
  journal = {Nature Genetics}
}

@article{Gaxiola2001,
  doi = {10.1073/pnas.191389398},
  url = {https://doi.org/10.1073/pnas.191389398},
  year  = {2001},
  month = {sep},
  publisher = {Proceedings of the National Academy of Sciences},
  volume = {98},
  number = {20},
  pages = {11444--11449},
  author = {R. A. Gaxiola and J. Li and S. Undurraga and L. M. Dang and G. J. Allen and S. L. Alper and G. R. Fink},
  title = {Drought- and salt-tolerant plants result from overexpression of the {AVP}1 H+pump},
  journal = {Proceedings of the National Academy of Sciences}
}

@article{Zhou2016,
  doi = {10.1038/srep30264},
  url = {https://doi.org/10.1038/srep30264},
  year  = {2016},
  month = {jul},
  publisher = {Springer Nature},
  volume = {6},
  number = {1},
  author = {Liguo Zhou and Zaochang Liu and Yunhua Liu and Deyan Kong and Tianfei Li and Shunwu Yu and Hanwei Mei and Xiaoyan Xu and Hongyan Liu and Liang Chen and Lijun Luo},
  title = {A novel gene {OsAHL}1 improves both drought avoidance and drought tolerance in rice},
  journal = {Scientific Reports}
}

@Article{pmid8219063,
   Author="Chauvin, L. P.  and Houde, M.  and Sarhan, F. ",
   Title="{{A} leaf-specific gene stimulated by light during wheat acclimation to low temperature}",
   Journal="Plant Mol. Biol.",
   Year="1993",
   Volume="23",
   Number="2",
   Pages="255--265",
   Month="Oct"
}

@Article{pmid10846621,
   Author="Tsvetanov, S.  and Ohno, R.  and Tsuda, K.  and Takumi, S.  and Mori, N.  and Atanassov, A.  and Nakamura, C. ",
   Title="{{A} cold-responsive wheat ({T}riticum aestivum {L}.) gene wcor14 identified in a winter-hardy cultivar '{M}ironovska 808'}",
   Journal="Genes Genet. Syst.",
   Year="2000",
   Volume="75",
   Number="1",
   Pages="49--57",
   Month="Feb"
}

@Article{pmid9952464,
   Author="Crosatti, C.  and Polverino de Laureto, P.  and Bassi, R.  and Cattivelli, L. ",
   Title="{{T}he interaction between cold and light controls the expression of the cold-regulated barley gene cor14b and the accumulation of the corresponding protein}",
   Journal="Plant Physiol.",
   Year="1999",
   Volume="119",
   Number="2",
   Pages="671--680",
   Month="Feb"
}

@article{Takumi2003,
  doi = {10.1093/jxb/erg247},
  url = {https://doi.org/10.1093/jxb/erg247},
  year  = {2003},
  month = {oct},
  publisher = {Oxford University Press ({OUP})},
  volume = {54},
  number = {391},
  pages = {2265--2274},
  author = {S. Takumi},
  title = {Cold-specific and light-stimulated expression of a wheat (Triticum aestivum L.) Cor gene Wcor15 encoding a chloroplast-targeted protein},
  journal = {Journal of Experimental Botany}
}

@Article{pmid9826741,
   Author="Steponkus, P. L.  and Uemura, M.  and Joseph, R. A.  and Gilmour, S. J.  and Thomashow, M. F. ",
   Title="{{M}ode of action of the {C}{O}{R}15a gene on the freezing tolerance of {A}rabidopsis thaliana}",
   Journal="Proc. Natl. Acad. Sci. U.S.A.",
   Year="1998",
   Volume="95",
   Number="24",
   Pages="14570--14575",
   Month="Nov"
}

@article{Hong1988,
  doi = {10.1007/bf00039030},
  url = {https://doi.org/10.1007/bf00039030},
  year  = {1988},
  publisher = {Springer Nature},
  volume = {11},
  number = {4},
  pages = {495--506},
  author = {Bimei Hong and Scott J. Uknes and Tuan-hua David Ho},
  title = {Cloning and characterization of a {cDNA} encoding a {mRNA} rapidly-induced by {ABA} in barley aleurone layers},
  journal = {Plant Molecular Biology}
}

@Article{pmid16755132,
   Author="Egawa, C.  and Kobayashi, F.  and Ishibashi, M.  and Nakamura, T.  and Nakamura, C.  and Takumi, S. ",
   Title="{{D}ifferential regulation of transcript accumulation and alternative splicing of a {D}{R}{E}{B}2 homolog under abiotic stress conditions in common wheat}",
   Journal="Genes Genet. Syst.",
   Year="2006",
   Volume="81",
   Number="2",
   Pages="77--91",
   Month="Apr"
}

@article{Katsuhara2002,
  doi = {10.1093/pcp/pcf102},
  url = {https://doi.org/10.1093/pcp/pcf102},
  year  = {2002},
  month = {aug},
  publisher = {Oxford University Press ({OUP})},
  volume = {43},
  number = {8},
  pages = {885--893},
  author = {Maki Katsuhara and Yoshiko Akiyama and Kazuki Koshio and Mineo Shibasaka and Kunihiro Kasamo},
  title = {Functional Analysis of Water Channels in Barley Roots},
  journal = {Plant and Cell Physiology}
}

@article{Zhu2005,
  doi = {10.1093/jxb/eri294},
  url = {https://doi.org/10.1093/jxb/eri294},
  year  = {2005},
  month = {oct},
  publisher = {Oxford University Press ({OUP})},
  volume = {56},
  number = {421},
  pages = {2971--2981},
  author = {Chuanfeng Zhu and Daniela Schraut and Wolfram Hartung and Anton R. Sch\"{a}ffner},
  title = {Differential responses of maize {MIP} genes to salt stress and {ABA}},
  journal = {Journal of Experimental Botany}
}

@article{Fotiadis2000,
  doi = {10.1074/jbc.m009383200},
  url = {https://doi.org/10.1074/jbc.m009383200},
  year  = {2000},
  month = {oct},
  publisher = {American Society for Biochemistry {\&} Molecular Biology ({ASBMB})},
  volume = {276},
  number = {3},
  pages = {1707--1714},
  author = {Dimitrios Fotiadis and Paul Jen\"{o} and Thierry Mini and Sabine Wirtz and Shirley A. M\"{u}ller and Laure Fraysse and Per Kjellbom and Andreas Engel},
  title = {Structural Characterization of Two Aquaporins Isolated from Native Spinach Leaf Plasma Membranes},
  journal = {Journal of Biological Chemistry}
}

@article{Li2017,
  doi = {10.3389/fpls.2016.02053},
  url = {https://doi.org/10.3389/fpls.2016.02053},
  year  = {2017},
  month = {jan},
  publisher = {Frontiers Media {SA}},
  volume = {7},
  author = {Jianrui Li and Yang Dong and Cong Li and Yanlin Pan and Jingjuan Yu},
  title = {{SiASR}4,  the Target Gene of {SiARDP} from Setaria italica,  Improves Abiotic Stress Adaption in Plants},
  journal = {Frontiers in Plant Science}
}

@article{Konrad2008,
  doi = {10.1007/s00425-008-0693-5},
  url = {https://doi.org/10.1007/s00425-008-0693-5},
  year  = {2008},
  month = {feb},
  publisher = {Springer Nature},
  volume = {227},
  number = {6},
  pages = {1213--1219},
  author = {Zvia Konrad and Dudy Bar-Zvi},
  title = {Synergism between the chaperone-like activity of the stress regulated {ASR}1 protein and the osmolyte glycine-betaine},
  journal = {Planta}
}

@article{Joo2013,
  doi = {10.1007/s10059-013-0036-7},
  url = {https://doi.org/10.1007/s10059-013-0036-7},
  year  = {2013},
  month = {apr},
  publisher = {Springer Nature},
  volume = {35},
  number = {5},
  pages = {421--435},
  author = {Joungsu Joo and Youn Hab Lee and Yeon-Ki Kim and Baek Hie Nahm and Sang Ik Song},
  title = {Abiotic stress responsive rice {ASR}1 and {ASR}3 exhibit different tissue-dependent sugar and hormone-sensitivities},
  journal = {Molecules and Cells}
}

@article{Studer2011,
  doi = {10.1038/ng.942},
  url = {https://doi.org/10.1038/ng.942},
  year  = {2011},
  month = {sep},
  publisher = {Springer Nature},
  volume = {43},
  number = {11},
  pages = {1160--1163},
  author = {Anthony Studer and Qiong Zhao and Jeffrey Ross-Ibarra and John Doebley},
  title = {Identification of a functional transposon insertion in the maize domestication gene tb1},
  journal = {Nature Genetics}
}

@article{Doust2004,
  doi = {10.1073/pnas.0402892101},
  url = {https://doi.org/10.1073/pnas.0402892101},
  year  = {2004},
  month = {jun},
  publisher = {Proceedings of the National Academy of Sciences},
  volume = {101},
  number = {24},
  pages = {9045--9050},
  author = {Andrew N. Doust and Katrien M. Devos and Michael D. Gadberry and Mike D. Gale and Elizabeth A. Kellogg},
  title = {Genetic control of branching in foxtail millet},
  journal = {Proceedings of the National Academy of Sciences}
}

@Article{pmid9087405,
   Author="Doebley, J.  and Stec, A.  and Hubbard, L. ",
   Title="{{T}he evolution of apical dominance in maize}",
   Journal="Nature",
   Year="1997",
   Volume="386",
   Number="6624",
   Pages="485--488",
   Month="Apr"
}

@article{Haudry2007,
  doi = {10.1093/molbev/msm077},
  url = {https://doi.org/10.1093/molbev/msm077},
  year  = {2007},
  month = {apr},
  publisher = {Oxford University Press ({OUP})},
  volume = {24},
  number = {7},
  pages = {1506--1517},
  author = {A Haudry and A Cenci and C Ravel and T Bataillon and D Brunel and C Poncet and I Hochu and S Poirier and S Santoni and S Gl{\'{e}}min and J David},
  title = {Grinding up Wheat: A Massive Loss of Nucleotide Diversity Since Domestication},
  journal = {Molecular Biology and Evolution}
}

@Article{pmid9539756,
   Author="Eyre-Walker, A.  and Gaut, R. L.  and Hilton, H.  and Feldman, D. L.  and Gaut, B. S. ",
   Title="{{I}nvestigation of the bottleneck leading to the domestication of maize}",
   Journal="Proc. Natl. Acad. Sci. U.S.A.",
   Year="1998",
   Volume="95",
   Number="8",
   Pages="4441--4446",
   Month="Apr"
}

@article{Wang2017,
  doi = {10.1186/s13059-017-1346-4},
  url = {https://doi.org/10.1186/s13059-017-1346-4},
  year  = {2017},
  month = {nov},
  publisher = {Springer Nature},
  volume = {18},
  number = {1},
  author = {Li Wang and Timothy M. Beissinger and Anne Lorant and Claudia Ross-Ibarra and Jeffrey Ross-Ibarra and Matthew B. Hufford},
  title = {The interplay of demography and selection during maize domestication and expansion},
  journal = {Genome Biology}
}

@Article{pmid17218640,
   Author="Zhu, Q.  and Zheng, X.  and Luo, J.  and Gaut, B. S.  and Ge, S. ",
   Title="{{M}ultilocus analysis of nucleotide variation of {O}ryza sativa and its wild relatives: severe bottleneck during domestication of rice}",
   Journal="Mol. Biol. Evol.",
   Year="2007",
   Volume="24",
   Number="3",
   Pages="875--888",
   Month="Mar"
}

@article{Hamblin2006,
  doi = {10.1534/genetics.105.054312},
  url = {https://doi.org/10.1534/genetics.105.054312},
  year  = {2006},
  month = {apr},
  publisher = {Genetics Society of America},
  volume = {173},
  number = {2},
  pages = {953--964},
  author = {M. T. Hamblin},
  title = {Challenges of Detecting Directional Selection After a Bottleneck: Lessons From Sorghum bicolor},
  journal = {Genetics}
}

@article{Kilian2006,
  doi = {10.1007/s00438-006-0136-6},
  url = {https://doi.org/10.1007/s00438-006-0136-6},
  year  = {2006},
  month = {jun},
  publisher = {Springer Nature},
  volume = {276},
  number = {3},
  pages = {230--241},
  author = {Benjamin Kilian and Hakan \"{O}zkan and Jochen Kohl and Arndt von Haeseler and Francesca Barale and Oliver Deusch and Andrea Brandolini and Cemal Yucel and William Martin and Francesco Salamini},
  title = {Haplotype structure at seven barley genes: relevance to gene pool bottlenecks,  phylogeny of ear type and site of barley domestication},
  journal = {Molecular Genetics and Genomics}
}

@article{Kawase2005,
  doi = {10.1007/s00438-005-0013-8},
  url = {https://doi.org/10.1007/s00438-005-0013-8},
  year  = {2005},
  month = {aug},
  publisher = {Springer Nature},
  volume = {274},
  number = {2},
  pages = {131--140},
  author = {Makoto Kawase and Kenji Fukunaga and Kenji Kato},
  title = {Diverse origins of waxy foxtail millet crops in East and Southeast Asia mediated by multiple transposable element insertions},
  journal = {Molecular Genetics and Genomics}
}

@article{Lai2017,
  doi = {10.1186/s12864-017-4103-x},
  url = {https://doi.org/10.1186/s12864-017-4103-x},
  year  = {2017},
  month = {sep},
  publisher = {Springer Nature},
  volume = {18},
  number = {1},
  author = {Xianjun Lai and James C. Schnable and Zhengqiao Liao and Jie Xu and Gengyun Zhang and Chuan Li and Erliang Hu and Tingzhao Rong and Yunbi Xu and Yanli Lu},
  title = {Genome-wide characterization of non-reference transposable element insertion polymorphisms reveals genetic diversity in tropical and temperate maize},
  journal = {{BMC} Genomics}
}

@article{Hughes2014,
  doi = {10.1101/gr.172684.114},
  url = {https://doi.org/10.1101/gr.172684.114},
  year  = {2014},
  month = {apr},
  publisher = {Cold Spring Harbor Laboratory},
  volume = {24},
  number = {8},
  pages = {1348--1355},
  author = {Thomas E. Hughes and Jane A. Langdale and Steven Kelly},
  title = {The impact of widespread regulatory neofunctionalization on homeolog gene evolution following whole-genome duplication in maize},
  journal = {Genome Research}
}

@article{Swigonova2004,
  doi = {10.1101/gr.2332504},
  url = {https://doi.org/10.1101/gr.2332504},
  year  = {2004},
  month = {sep},
  publisher = {Cold Spring Harbor Laboratory},
  volume = {14},
  number = {10a},
  pages = {1916--1923},
  author = {Z. Swigonova},
  title = {Close Split of Sorghum and Maize Genome Progenitors},
  journal = {Genome Research}
}

@article{Pfeifer2014,
  doi = {10.1126/science.1250091},
  url = {https://doi.org/10.1126/science.1250091},
  year  = {2014},
  month = {jul},
  publisher = {American Association for the Advancement of Science ({AAAS})},
  volume = {345},
  number = {6194},
  pages = {1250091--1250091},
  author = {M. Pfeifer and K. G. Kugler and S. R. Sandve and B. Zhan and H. Rudi and T. R. Hvidsten and K. F. X. Mayer and O.-A. Olsen and},
  title = {Genome interplay in the grain transcriptome of hexaploid bread wheat},
  journal = {Science}
}

@article{Woodhouse2010,
  doi = {10.1371/journal.pbio.1000409},
  url = {https://doi.org/10.1371/journal.pbio.1000409},
  year  = {2010},
  month = {jun},
  publisher = {Public Library of Science ({PLoS})},
  volume = {8},
  number = {6},
  pages = {e1000409},
  author = {Margaret R. Woodhouse and James C. Schnable and Brent S. Pedersen and Eric Lyons and Damon Lisch and Shabarinath Subramaniam and Michael Freeling},
  editor = {Kenneth H. Wolfe},
  title = {Following Tetraploidy in Maize,  a Short Deletion Mechanism Removed Genes Preferentially from One of the Two Homeologs},
  journal = {{PLoS} Biology}
}

@article{Schnable2011,
  doi = {10.1073/pnas.1101368108},
  url = {https://doi.org/10.1073/pnas.1101368108},
  year  = {2011},
  month = {feb},
  publisher = {Proceedings of the National Academy of Sciences},
  volume = {108},
  number = {10},
  pages = {4069--4074},
  author = {J. C. Schnable and N. M. Springer and M. Freeling},
  title = {Differentiation of the maize subgenomes by genome dominance and both ancient and ongoing gene loss},
  journal = {Proceedings of the National Academy of Sciences}
}

@article{Eckardt2014,
  doi = {10.1105/tpc.114.127183},
  url = {https://doi.org/10.1105/tpc.114.127183},
  year  = {2014},
  month = {may},
  publisher = {American Society of Plant Biologists ({ASPB})},
  volume = {26},
  number = {5},
  pages = {1834--1834},
  author = {N. A. Eckardt},
  title = {Genome Dominance and Interaction at the Gene Expression Level in Allohexaploid Wheat},
  journal = {The Plant Cell}
}

@article{Schnable20112,
  doi = {10.1371/journal.pone.0017855},
  url = {https://doi.org/10.1371/journal.pone.0017855},
  year  = {2011},
  month = {mar},
  publisher = {Public Library of Science ({PLoS})},
  volume = {6},
  number = {3},
  pages = {e17855},
  author = {James C. Schnable and Michael Freeling},
  editor = {Igor Mokrousov},
  title = {Genes Identified by Visible Mutant Phenotypes Show Increased Bias toward One of Two Subgenomes of Maize},
  journal = {{PLoS} {ONE}}
}

@article{RennyByfield2017,
  doi = {10.1093/molbev/msx121},
  url = {https://doi.org/10.1093/molbev/msx121},
  year  = {2017},
  month = {apr},
  publisher = {Oxford University Press ({OUP})},
  volume = {34},
  number = {8},
  pages = {1825--1832},
  author = {Simon Renny-Byfield and Eli Rodgers-Melnick and Jeffrey Ross-Ibarra},
  title = {Gene Fractionation and Function in the Ancient Subgenomes of Maize},
  journal = {Molecular Biology and Evolution}
}

@article{Woodhouse2011,
  doi = {10.1105/tpc.111.093567},
  url = {https://doi.org/10.1105/tpc.111.093567},
  year  = {2011},
  month = {dec},
  publisher = {American Society of Plant Biologists ({ASPB})},
  volume = {23},
  number = {12},
  pages = {4241--4253},
  author = {M. R. Woodhouse and H. Tang and M. Freeling},
  title = {Different Gene Families in Arabidopsis thaliana Transposed in Different Epochs and at Different Frequencies throughout the Rosids},
  journal = {The Plant Cell}
}

@article{Arendsee2014,
  doi = {10.1016/j.tplants.2014.07.003},
  url = {https://doi.org/10.1016/j.tplants.2014.07.003},
  year  = {2014},
  month = {nov},
  publisher = {Elsevier {BV}},
  volume = {19},
  number = {11},
  pages = {698--708},
  author = {Zebulun W. Arendsee and Ling Li and Eve Syrkin Wurtele},
  title = {Coming of age: orphan genes in plants},
  journal = {Trends in Plant Science}
}

@article{Freeling2008,
  doi = {10.1101/gr.081026.108},
  url = {https://doi.org/10.1101/gr.081026.108},
  year  = {2008},
  month = {oct},
  publisher = {Cold Spring Harbor Laboratory},
  volume = {18},
  number = {12},
  pages = {1924--1937},
  author = {M. Freeling and E. Lyons and B. Pedersen and M. Alam and R. Ming and D. Lisch},
  title = {Many or most genes in Arabidopsis transposed after the origin of the order Brassicales},
  journal = {Genome Research}
}

@article{Beguiristain2001,
  doi = {10.1104/pp.127.1.212},
  url = {https://doi.org/10.1104/pp.127.1.212},
  year  = {2001},
  month = {sep},
  publisher = {American Society of Plant Biologists ({ASPB})},
  volume = {127},
  number = {1},
  pages = {212--221},
  author = {T. Beguiristain},
  title = {Three Tnt1 Subfamilies Show Different Stress-Associated Patterns of Expression in Tobacco. Consequences for Retrotransposon Control and Evolution in Plants},
  journal = {{PLANT} {PHYSIOLOGY}}
}

@article{Makarevitch2015,
  doi = {10.1371/journal.pgen.1004915},
  url = {https://doi.org/10.1371/journal.pgen.1004915},
  year  = {2015},
  month = {jan},
  publisher = {Public Library of Science ({PLoS})},
  volume = {11},
  number = {1},
  pages = {e1004915},
  author = {Irina Makarevitch and Amanda J. Waters and Patrick T. West and Michelle Stitzer and Candice N. Hirsch and Jeffrey Ross-Ibarra and Nathan M. Springer},
  editor = {Michael Freeling},
  title = {Transposable Elements Contribute to Activation of Maize Genes in Response to Abiotic Stress},
  journal = {{PLoS} Genetics}
}

@article{Negi2016,
  doi = {10.3389/fpls.2016.01448},
  url = {https://doi.org/10.3389/fpls.2016.01448},
  year  = {2016},
  month = {oct},
  publisher = {Frontiers Media {SA}},
  volume = {7},
  author = {Pooja Negi and Archana N. Rai and Penna Suprasanna},
  title = {Moving through the Stressed Genome: Emerging Regulatory Roles for Transposons in Plant Stress Response},
  journal = {Frontiers in Plant Science}
}

@article{FernndezMarn2014,
  doi = {10.1186/s12870-014-0385-1},
  url = {https://doi.org/10.1186/s12870-014-0385-1},
  year  = {2014},
  month = {dec},
  publisher = {Springer Nature},
  volume = {14},
  number = {1},
  author = {Beatriz Fernandez-Marin and Ruben Milla and Nieves Martin-Robles and Erwann Arc and Ilse Kranner and Jose Maria Becerril and Jose Ignacio Garcia-Plazaola},
  title = {Side-effects of domestication: cultivated legume seeds contain similar tocopherols and fatty acids but less carotenoids than their wild counterparts},
  journal = {{BMC} Plant Biology}
}

@article{Blackman2016,
  doi = {10.1104/pp.16.01683},
  url = {https://doi.org/10.1104/pp.16.01683},
  year  = {2016},
  month = {nov},
  publisher = {American Society of Plant Biologists ({ASPB})},
  volume = {173},
  number = {1},
  pages = {16--26},
  author = {Benjamin K. Blackman},
  title = {Changing Responses to Changing Seasons: Natural Variation in the Plasticity of Flowering Time},
  journal = {Plant Physiology}
}

@article{Miller2011,
  doi = {10.3732/ajb.1000522},
  url = {https://doi.org/10.3732/ajb.1000522},
  year  = {2011},
  month = {sep},
  publisher = {Wiley},
  volume = {98},
  number = {9},
  pages = {1389--1414},
  author = {Allison J. Miller and Briana L. Gross},
  title = {From forest to field: Perennial fruit crop domestication},
  journal = {American Journal of Botany}
}

@article{Greenwood2017,
  doi = {10.1242/dev.146407},
  url = {https://doi.org/10.1242/dev.146407},
  year  = {2017},
  month = {apr},
  publisher = {The Company of Biologists},
  volume = {144},
  number = {11},
  pages = {1959--1965},
  author = {Julian R. Greenwood and E. Jean Finnegan and Nobuyoshi Watanabe and Ben Trevaskis and Steve M. Swain},
  title = {New alleles of the wheat domestication {geneQreveal} multiple roles in growth and reproductive development},
  journal = {Development}
}

@article{Dong2014,
  doi = {10.1038/ncomms4352},
  url = {https://doi.org/10.1038/ncomms4352},
  year  = {2014},
  month = {feb},
  publisher = {Springer Nature},
  volume = {5},
  number = {1},
  author = {Yang Dong and Xia Yang and Jing Liu and Bo-Han Wang and Bo-Ling Liu and Yin-Zheng Wang},
  title = {Pod shattering resistance associated with domestication is mediated by a {NAC} gene in soybean},
  journal = {Nature Communications}
}@article{Lyu2017,
  doi = {10.1038/s41477-017-0079-4},
  url = {https://doi.org/10.1038/s41477-017-0079-4},
  year  = {2017},
  month = {dec},
  publisher = {Springer Nature},
  volume = {3},
  number = {12},
  pages = {912--912},
  author = {Jun Lyu},
  title = {Unearthing potato evolution},
  journal = {Nature Plants}
}

@article{Pickersgill2007,
  doi = {10.1093/aob/mcm193},
  url = {https://doi.org/10.1093/aob/mcm193},
  year  = {2007},
  month = {jul},
  publisher = {Oxford University Press ({OUP})},
  volume = {100},
  number = {5},
  pages = {925--940},
  author = {B. Pickersgill},
  title = {Domestication of Plants in the Americas: Insights from Mendelian and Molecular Genetics},
  journal = {Annals of Botany}
}

@article{Shlichta2018,
  doi = {10.1016/j.baae.2018.05.012},
  url = {https://doi.org/10.1016/j.baae.2018.05.012},
  year  = {2018},
  month = {may},
  publisher = {Elsevier {BV}},
  author = {J. Gwen Shlichta and Maximilien A.C. Cuny and Johnattan Hernandez-Cumplido and Juan Traine and Betty Benrey},
  title = {Contrasting consequences of plant domestication for the chemical defenses of leaves and seeds in lima bean plants},
  journal = {Basic and Applied Ecology}
}

@article{Wang2005,
  doi = {10.1038/nature03863},
  url = {https://doi.org/10.1038/nature03863},
  year  = {2005},
  month = {aug},
  publisher = {Springer Nature},
  volume = {436},
  number = {7051},
  pages = {714--719},
  author = {Huai Wang and Tina Nussbaum-Wagler and Bailin Li and Qiong Zhao and Yves Vigouroux and Marianna Faller and Kirsten Bomblies and Lewis Lukens and John F. Doebley},
  title = {The origin of the naked grains of maize},
  journal = {Nature}
}

@article{Dereeper2008,
  doi = {10.1093/nar/gkn180},
  url = {https://doi.org/10.1093/nar/gkn180},
  year  = {2008},
  month = {may},
  publisher = {Oxford University Press ({OUP})},
  volume = {36},
  number = {Web Server},
  pages = {W465--W469},
  author = {A. Dereeper and V. Guignon and G. Blanc and S. Audic and S. Buffet and F. Chevenet and J.-F. Dufayard and S. Guindon and V. Lefort and M. Lescot and J.-M. Claverie and O. Gascuel},
  title = {Phylogeny.fr: robust phylogenetic analysis for the non-specialist},
  journal = {Nucleic Acids Research}
}

@article{Chang2004,
  doi = {10.1007/s00239-003-2564-9},
  url = {https://doi.org/10.1007/s00239-003-2564-9},
  year  = {2004},
  month = {apr},
  publisher = {Springer Nature},
  volume = {58},
  number = {4},
  pages = {424--441},
  author = {Chien-Chang Chang and Hsin-Liang Chen and Wen-Hsiung Li and Shu-Miaw Chaw},
  title = {Dating the Monocot?Dicot Divergence and the Origin of Core Eudicots Using Whole Chloroplast Genomes},
  journal = {Journal of Molecular Evolution}
}

@article{Martin2013,
  doi = {10.1111/evo.12081},
  url = {https://doi.org/10.1111/evo.12081},
  year  = {2013},
  month = {mar},
  publisher = {Wiley},
  pages = {n/a--n/a},
  author = {Arnaud Martin and Virginie Orgogozo},
  title = {{THE} {LOCI} {OF} {REPEATED} {EVOLUTION}: A {CATALOG} {OF} {GENETIC} {HOTSPOTS} {OF} {PHENOTYPIC} {VARIATION}},
  journal = {Evolution}
}

@Article{pmid12242248,
   Author="Webb, C. A.  and Richter, T. E.  and Collins, N. C.  and Nicolas, M.  and Trick, H. N.  and Pryor, T.  and Hulbert, S. H. ",
   Title="{{G}enetic and molecular characterization of the maize rp3 rust resistance locus}",
   Journal="Genetics",
   Year="2002",
   Volume="162",
   Number="1",
   Pages="381--394",
   Month="Sep"
}

@article{Krattinger2010,
  doi = {10.1111/j.1365-313x.2010.04430.x},
  url = {https://doi.org/10.1111/j.1365-313x.2010.04430.x},
  year  = {2010},
  month = {dec},
  publisher = {Wiley},
  volume = {65},
  number = {3},
  pages = {392--403},
  author = {Simon G. Krattinger and Evans S. Lagudah and Thomas Wicker and Joanna M. Risk and Anthony R. Ashton and Liselotte L. Selter and Takashi Matsumoto and Beat Keller},
  title = {Lr34 multi-pathogen resistance {ABC} transporter: molecular analysis of homoeologous and orthologous genes in hexaploid wheat and other grass species},
  journal = {The Plant Journal}
}

@article{Remigereau2011,
  doi = {10.1371/journal.pone.0022404},
  url = {https://doi.org/10.1371/journal.pone.0022404},
  year  = {2011},
  month = {jul},
  publisher = {Public Library of Science ({PLoS})},
  volume = {6},
  number = {7},
  pages = {e22404},
  author = {Marie-Stanislas Remigereau and Ghayas Lakis and Samah Rekima and Magalie Leveugle and Michaël C. Fontaine and Thierry Langin and Aboubakry Sarr and Thierry Robert},
  editor = {P\"{a}r K. Ingvarsson},
  title = {Cereal Domestication and Evolution of Branching: Evidence for Soft Selection in the Tb1 Orthologue of Pearl Millet (Pennisetum glaucum [L.] R. Br.)},
  journal = {{PLoS} {ONE}}
}

@article{Ramsay2011,
  doi = {10.1038/ng.745},
  url = {https://doi.org/10.1038/ng.745},
  year  = {2011},
  month = {jan},
  publisher = {Springer Nature},
  volume = {43},
  number = {2},
  pages = {169--172},
  author = {Luke Ramsay and Jordi Comadran and Arnis Druka and David F Marshall and William T B Thomas and Malcolm Macaulay and Katrin MacKenzie and Craig Simpson and John Fuller and Nicola Bonar and Patrick M Hayes and Udda Lundqvist and Jerome D Franckowiak and Timothy J Close and Gary J Muehlbauer and Robbie Waugh},
  title = {{INTERMEDIUM}-C,  a modifier of lateral spikelet fertility in barley,  is an ortholog of the maize domestication gene {TEOSINTE} {BRANCHED} 1},
  journal = {Nature Genetics}
}

@article{Gillman2011,
  doi = {10.1186/1471-2229-11-155},
  url = {https://doi.org/10.1186/1471-2229-11-155},
  year  = {2011},
  publisher = {Springer Nature},
  volume = {11},
  number = {1},
  pages = {155},
  author = {Jason D Gillman and Ashley Tetlow and Jeong-Deong Lee and J Shannon and Kristin Bilyeu},
  title = {Loss-of-function mutations affecting a specific Glycine max R2R3 {MYB} transcription factor result in brown hilum and brown seed coats},
  journal = {{BMC} Plant Biology}
}

@article{Zhu2011,
  doi = {10.1104/pp.110.168500},
  url = {https://doi.org/10.1104/pp.110.168500},
  year  = {2011},
  month = {jan},
  publisher = {American Society of Plant Biologists ({ASPB})},
  volume = {155},
  number = {3},
  pages = {1301--1311},
  author = {B.-F. Zhu and L. Si and Z. Wang and Y. Z. Jingjie Zhu and Y. Shangguan and D. Lu and D. Fan and C. Li and H. Lin and Q. Qian and T. Sang and B. Zhou and Y. Minobe and B. Han},
  title = {Genetic Control of a Transition from Black to Straw-White Seed Hull in Rice Domestication},
  journal = {{PLANT} {PHYSIOLOGY}}
}

@article{Butelli2012,
  doi = {10.1105/tpc.111.095232},
  url = {https://doi.org/10.1105/tpc.111.095232},
  year  = {2012},
  month = {mar},
  publisher = {American Society of Plant Biologists ({ASPB})},
  volume = {24},
  number = {3},
  pages = {1242--1255},
  author = {E. Butelli and C. Licciardello and Y. Zhang and J. Liu and S. Mackay and P. Bailey and G. Reforgiato-Recupero and C. Martin},
  title = {Retrotransposons Control Fruit-Specific,  Cold-Dependent Accumulation of Anthocyanins in Blood Oranges},
  journal = {The Plant Cell}
}

@article{Furukawa2006,
  doi = {10.1111/j.1365-313x.2006.02958.x},
  url = {https://doi.org/10.1111/j.1365-313x.2006.02958.x},
  year  = {2006},
  month = {dec},
  publisher = {Wiley},
  volume = {49},
  number = {1},
  pages = {91--102},
  author = {Tsutomu Furukawa and Masahiko Maekawa and Tomoyuki Oki and Ikuo Suda and Shigeru Iida and Hiroaki Shimada and Itsuro Takamure and Koh-ichi Kadowaki},
  title = {The Rc and Rd genes are involved in proanthocyanidin synthesis in rice pericarp},
  journal = {The Plant Journal}
}

@article{Zhang2009,
  doi = {10.1007/s00122-009-1100-8},
  url = {https://doi.org/10.1007/s00122-009-1100-8},
  year  = {2009},
  month = {jul},
  publisher = {Springer Nature},
  volume = {119},
  number = {5},
  pages = {931--937},
  author = {Yongfei Zhang and Shuping Cheng and Darlene De Jong and Helen Griffiths and Rayko Halitschke and Walter De Jong},
  title = {The potato R locus codes for dihydroflavonol 4-reductase},
  journal = {Theoretical and Applied Genetics}
}

@article{Kovach2009,
  doi = {10.1073/pnas.0904077106},
  url = {https://doi.org/10.1073/pnas.0904077106},
  year  = {2009},
  month = {aug},
  publisher = {Proceedings of the National Academy of Sciences},
  volume = {106},
  number = {34},
  pages = {14444--14449},
  author = {M. J. Kovach and M. N. Calingacion and M. A. Fitzgerald and S. R. McCouch},
  title = {The origin and evolution of fragrance in rice (Oryza sativa L.)},
  journal = {Proceedings of the National Academy of Sciences}
}

@article{Juwattanasomran2010,
  doi = {10.1007/s00122-010-1467-6},
  url = {https://doi.org/10.1007/s00122-010-1467-6},
  year  = {2010},
  month = {nov},
  publisher = {Springer Nature},
  volume = {122},
  number = {3},
  pages = {533--541},
  author = {Ruangchai Juwattanasomran and Prakit Somta and Sompong Chankaew and Takehiko Shimizu and Sugunya Wongpornchai and Akito Kaga and Peerasak Srinives},
  title = {A {SNP} in {GmBADH}2 gene associates with fragrance in vegetable soybean variety Kaori and {SNAP} marker development for the fragrance},
  journal = {Theoretical and Applied Genetics}
}

@article{Lin2012,
  doi = {10.1038/ng.2281},
  url = {https://doi.org/10.1038/ng.2281},
  year  = {2012},
  month = {may},
  publisher = {Springer Nature},
  volume = {44},
  number = {6},
  pages = {720--724},
  author = {Zhongwei Lin and Xianran Li and Laura M Shannon and Cheng-Ting Yeh and Ming L Wang and Guihua Bai and Zhao Peng and Jiarui Li and Harold N Trick and Thomas E Clemente and John Doebley and Patrick S Schnable and Mitchell R Tuinstra and Tesfaye T Tesso and Frank White and Jianming Yu},
  title = {Parallel domestication of the Shattering1 genes in cereals},
  journal = {Nature Genetics}
}

@article{Yan2006,
  doi = {10.1073/pnas.0607142103},
  url = {https://doi.org/10.1073/pnas.0607142103},
  year  = {2006},
  month = {dec},
  publisher = {Proceedings of the National Academy of Sciences},
  volume = {103},
  number = {51},
  pages = {19581--19586},
  author = {L. Yan and D. Fu and C. Li and A. Blechl and G. Tranquilli and M. Bonafede and A. Sanchez and M. Valarik and S. Yasuda and J. Dubcovsky},
  title = {The wheat and barley vernalization gene {VRN}3 is an orthologue of {FT}},
  journal = {Proceedings of the National Academy of Sciences}
}

@article{Takahashi2009,
  doi = {10.1073/pnas.0812092106},
  url = {https://doi.org/10.1073/pnas.0812092106},
  year  = {2009},
  month = {feb},
  publisher = {Proceedings of the National Academy of Sciences},
  volume = {106},
  number = {11},
  pages = {4555--4560},
  author = {Y. Takahashi and K. M. Teshima and S. Yokoi and H. Innan and K. Shimamoto},
  title = {Variations in Hd1 proteins,  Hd3a promoters,  and Ehd1 expression levels contribute to diversity of flowering time in cultivated rice},
  journal = {Proceedings of the National Academy of Sciences}
}

@article{Blackman2010,
  doi = {10.1016/j.cub.2010.01.059},
  url = {https://doi.org/10.1016/j.cub.2010.01.059},
  year  = {2010},
  month = {apr},
  publisher = {Elsevier {BV}},
  volume = {20},
  number = {7},
  pages = {629--635},
  author = {Benjamin K. Blackman and Jared L. Strasburg and Andrew R. Raduski and Scott D. Michaels and Loren H. Rieseberg},
  title = {The Role of Recently Derived {FT} Paralogs in Sunflower Domestication},
  journal = {Current Biology}
}

@article{Asano2007,
  doi = {10.1270/jsbbs.57.53},
  url = {https://doi.org/10.1270/jsbbs.57.53},
  year  = {2007},
  publisher = {Japanese Society of Breeding},
  volume = {57},
  number = {1},
  pages = {53--58},
  author = {Kenji Asano and Tomonori Takashi and Kotaro Miura and Qian Qian and Hidemi Kitano and Makoto Matsuoka and Motoyuki Ashikari},
  title = {Genetic and Molecular Analysis of Utility of sd1 Alleles in Rice Breeding},
  journal = {Breeding Science}
}

@article{Asano2011,
  doi = {10.1073/pnas.1019490108},
  url = {https://doi.org/10.1073/pnas.1019490108},
  year  = {2011},
  month = {jun},
  publisher = {Proceedings of the National Academy of Sciences},
  volume = {108},
  number = {27},
  pages = {11034--11039},
  author = {K. Asano and M. Yamasaki and S. Takuno and K. Miura and S. Katagiri and T. Ito and K. Doi and J. Wu and K. Ebana and T. Matsumoto and H. Innan and H. Kitano and M. Ashikari and M. Matsuoka},
  title = {Artificial selection for a green revolution gene during japonica rice domestication},
  journal = {Proceedings of the National Academy of Sciences}
}

@article{Jia2009,
  doi = {10.1007/s10142-009-0120-4},
  url = {https://doi.org/10.1007/s10142-009-0120-4},
  year  = {2009},
  month = {mar},
  publisher = {Springer Nature},
  volume = {9},
  number = {2},
  pages = {255--262},
  author = {Qiaojun Jia and Jingjuan Zhang and Sharon Westcott and Xiao-Qi Zhang and Mathew Bellgard and Reg Lance and Chengdao Li},
  title = {{GA}-20 oxidase as a candidate for the semidwarf gene sdw1/denso in barley},
  journal = {Functional {\&} Integrative Genomics}
}

@article{Multani2003,
  doi = {10.1126/science.1086072},
  url = {https://doi.org/10.1126/science.1086072},
  year  = {2003},
  month = {oct},
  publisher = {American Association for the Advancement of Science ({AAAS})},
  volume = {302},
  number = {5642},
  pages = {81--84},
  author = {D. S. Multani},
  title = {Loss of an {MDR} Transporter in Compact Stalks of Maize br2 and Sorghum dw3 Mutants},
  journal = {Science}
}

@article{Parvathaneni2013,
  doi = {10.1534/g3.113.005587},
  url = {https://doi.org/10.1534/g3.113.005587},
  year  = {2013},
  month = {mar},
  publisher = {Genetics Society of America},
  volume = {3},
  number = {3},
  pages = {563--572},
  author = {Rajiv K. Parvathaneni and Vinod Jakkula and Francis K. Padi and Sebastien Faure and Nethra Nagarajappa and Ana C. Pontaroli and Xiaomei Wu and Jeffrey L. Bennetzen and Katrien M. Devos},
  title = {Fine-Mapping and Identification of a Candidate Gene Underlying the d2 Dwarfing Phenotype in Pearl Millet, Cenchrus americanus (L.) Morrone},
  journal = {G3: Genes Genomes Genetics}
}

@article{Repinski2012,
  doi = {10.1007/s00122-012-1808-8},
  url = {https://doi.org/10.1007/s00122-012-1808-8},
  year  = {2012},
  month = {feb},
  publisher = {Springer Nature},
  volume = {124},
  number = {8},
  pages = {1539--1547},
  author = {S. L. Repinski and M. Kwak and P. Gepts},
  title = {The common bean growth habit gene {PvTFL}1y is a functional homolog of Arabidopsis {TFL}1},
  journal = {Theoretical and Applied Genetics}
}

@article{Liu2010,
  doi = {10.1104/pp.109.150607},
  url = {https://doi.org/10.1104/pp.109.150607},
  year  = {2010},
  month = {mar},
  publisher = {American Society of Plant Biologists ({ASPB})},
  volume = {153},
  number = {1},
  pages = {198--210},
  author = {B. Liu and S. Watanabe and T. Uchiyama and F. Kong and A. Kanazawa and Z. Xia and A. Nagamatsu and M. Arai and T. Yamada and K. Kitamura and C. Masuta and K. Harada and J. Abe},
  title = {The Soybean Stem Growth Habit Gene Dt1 Is an Ortholog of Arabidopsis {TERMINAL} {FLOWER}1},
  journal = {{PLANT} {PHYSIOLOGY}}
}

@article{Kwak2012,
  doi = {10.1093/aob/mcs207},
  url = {https://doi.org/10.1093/aob/mcs207},
  year  = {2012},
  month = {sep},
  publisher = {Oxford University Press ({OUP})},
  volume = {110},
  number = {8},
  pages = {1573--1580},
  author = {Myounghai Kwak and Orlando Toro and Daniel G. Debouck and Paul Gepts},
  title = {Multiple origins of the determinate growth habit in domesticated common bean (Phaseolus vulgaris)},
  journal = {Annals of Botany}
}

@article{Tian2010,
  doi = {10.1073/pnas.1000088107},
  url = {https://doi.org/10.1073/pnas.1000088107},
  year  = {2010},
  month = {apr},
  publisher = {Proceedings of the National Academy of Sciences},
  volume = {107},
  number = {19},
  pages = {8563--8568},
  author = {Z. Tian and X. Wang and R. Lee and Y. Li and J. E. Specht and R. L. Nelson and P. E. McClean and L. Qiu and J. Ma},
  title = {Artificial selection for determinate growth habit in soybean},
  journal = {Proceedings of the National Academy of Sciences}
}

@article{Comadran2012,
  doi = {10.1038/ng.2447},
  url = {https://doi.org/10.1038/ng.2447},
  year  = {2012},
  month = {nov},
  publisher = {Springer Nature},
  volume = {44},
  number = {12},
  pages = {1388--1392},
  author = {Jordi Comadran and Benjamin Kilian and Joanne Russell and Luke Ramsay and Nils Stein and Martin Ganal and Paul Shaw and Micha Bayer and William Thomas and David Marshall and Pete Hedley and Alessandro Tondelli and Nicola Pecchioni and Enrico Francia and Viktor Korzun and Alexander Walther and Robbie Waugh},
  title = {Natural variation in a homolog of Antirrhinum {CENTRORADIALIS} contributed to spring growth habit and environmental adaptation in cultivated barley},
  journal = {Nature Genetics}
}

@article{Foucher2003,
  doi = {10.1105/tpc.015701},
  url = {https://doi.org/10.1105/tpc.015701},
  year  = {2003},
  month = {oct},
  publisher = {American Society of Plant Biologists ({ASPB})},
  volume = {15},
  number = {11},
  pages = {2742--2754},
  author = {F. Foucher},
  title = {{DETERMINATE} and {LATE} {FLOWERING} Are Two {TERMINAL} {FLOWER}1/{CENTRORADIALIS} Homologs That Control Two Distinct Phases of Flowering Initiation and Development in Pea},
  journal = {{THE} {PLANT} {CELL} {ONLINE}}
}

@article{Koskela2012,
  doi = {10.1104/pp.112.196659},
  url = {https://doi.org/10.1104/pp.112.196659},
  year  = {2012},
  month = {may},
  publisher = {American Society of Plant Biologists ({ASPB})},
  volume = {159},
  number = {3},
  pages = {1043--1054},
  author = {E. A. Koskela and K. Mouhu and M. C. Albani and T. Kurokura and M. Rantanen and D. J. Sargent and N. H. Battey and G. Coupland and P. Elomaa and T. Hytonen},
  title = {Mutation in {TERMINAL} {FLOWER}1 Reverses the Photoperiodic Requirement for Flowering in the Wild Strawberry Fragaria vesca},
  journal = {{PLANT} {PHYSIOLOGY}}
}

@article{Asp2011,
  doi = {10.1007/s00438-011-0654-8},
  url = {https://doi.org/10.1007/s00438-011-0654-8},
  year  = {2011},
  month = {nov},
  publisher = {Springer Nature},
  volume = {286},
  number = {5-6},
  pages = {433--447},
  author = {Torben Asp and Stephen Byrne and Heidrun Gundlach and R{\'{e}}my Bruggmann and Klaus F. X. Mayer and Jeppe R. Andersen and Mingliang Xu and Morten Greve and Ingo Lenk and Thomas L\"{u}bberstedt},
  title = {Comparative sequence analysis of {VRN}1 alleles of Lolium perenne with the co-linear regions in barley,  wheat,  and rice},
  journal = {Molecular Genetics and Genomics}
}

@article{MURAKAMI2005,
  doi = {10.1271/bbb.69.410},
  url = {https://doi.org/10.1271/bbb.69.410},
  year  = {2005},
  month = {jan},
  publisher = {Informa {UK} Limited},
  volume = {69},
  number = {2},
  pages = {410--414},
  author = {Masaya MURAKAMI and Akinori MATSUSHIKA and Motoyuki ASHIKARI and Takafumi YAMASHINO and Takeshi MIZUNO},
  title = {Circadian-Associated Rice Pseudo Response Regulators ({OsPRRs}): Insight into the Control of Flowering Time},
  journal = {Bioscience,  Biotechnology,  and Biochemistry}
}

@article{Turner2005,
  doi = {10.1126/science.1117619},
  url = {https://doi.org/10.1126/science.1117619},
  year  = {2005},
  month = {nov},
  publisher = {American Association for the Advancement of Science ({AAAS})},
  volume = {310},
  number = {5750},
  pages = {1031--1034},
  author = {A. Turner},
  title = {The Pseudo-Response Regulator Ppd-H1 Provides Adaptation to Photoperiod in Barley},
  journal = {Science}
}

@article{Jones2008,
  doi = {10.1093/molbev/msn167},
  url = {https://doi.org/10.1093/molbev/msn167},
  year  = {2008},
  month = {jul},
  publisher = {Oxford University Press ({OUP})},
  volume = {25},
  number = {10},
  pages = {2211--2219},
  author = {H. Jones and F. J. Leigh and I. Mackay and M. A. Bower and L. M.J. Smith and M. P. Charles and G. Jones and M. K. Jones and T. A. Brown and W. Powell},
  title = {Population-Based Resequencing Reveals That the Flowering Time Adaptation of Cultivated Barley Originated East of the Fertile Crescent},
  journal = {Molecular Biology and Evolution}
}

@article{Beales2007,
  doi = {10.1007/s00122-007-0603-4},
  url = {https://doi.org/10.1007/s00122-007-0603-4},
  year  = {2007},
  month = {jul},
  publisher = {Springer Nature},
  volume = {115},
  number = {5},
  pages = {721--733},
  author = {James Beales and Adrian Turner and Simon Griffiths and John W. Snape and David A. Laurie},
  title = {A Pseudo-Response Regulator is misexpressed in the photoperiod insensitive Ppd-D1a mutant of wheat (Triticum aestivum L.)},
  journal = {Theoretical and Applied Genetics}
}

@article{Wilhelm2008,
  doi = {10.1007/s00122-008-0898-9},
  url = {https://doi.org/10.1007/s00122-008-0898-9},
  year  = {2008},
  month = {oct},
  publisher = {Springer Nature},
  volume = {118},
  number = {2},
  pages = {285--294},
  author = {Edward P. Wilhelm and Adrian S. Turner and David A. Laurie},
  title = {Photoperiod insensitive Ppd-A1a mutations in tetraploid wheat (Triticum durum Desf.)},
  journal = {Theoretical and Applied Genetics}
}

@article{Daz2012,
  doi = {10.1371/journal.pone.0033234},
  url = {https://doi.org/10.1371/journal.pone.0033234},
  year  = {2012},
  month = {mar},
  publisher = {Public Library of Science ({PLoS})},
  volume = {7},
  number = {3},
  pages = {e33234},
  author = {Aurora D{\'{\i}}az and Meluleki Zikhali and Adrian S. Turner and Peter Isaac and David A. Laurie},
  editor = {Samuel P. Hazen},
  title = {Copy Number Variation Affecting the Photoperiod-B1 and Vernalization-A1 Genes Is Associated with Altered Flowering Time in Wheat (Triticum aestivum)},
  journal = {{PLoS} {ONE}}
}

@article{Wu2012,
  doi = {10.1186/1471-2229-12-151},
  url = {https://doi.org/10.1186/1471-2229-12-151},
  year  = {2012},
  publisher = {Springer Nature},
  volume = {12},
  number = {1},
  pages = {151},
  author = {Jian Wu and Keyun Wei and Feng Cheng and Shikai Li and Qian Wang and Jianjun Zhao and Guusje Bonnema and Xiaowu Wang},
  title = {A naturally occurring {InDel} variation in {BraA}.{FLC}.b ({BrFLC}2) associated with flowering time variation in Brassica rapa},
  journal = {{BMC} Plant Biology}
}

@article{Yuan2009,
  doi = {10.1093/jxb/erp010},
  url = {https://doi.org/10.1093/jxb/erp010},
  year  = {2009},
  month = {feb},
  publisher = {Oxford University Press ({OUP})},
  volume = {60},
  number = {4},
  pages = {1299--1308},
  author = {Yu-Xiang Yuan and Jian Wu and Ri-Fei Sun and Xiao-Wei Zhang and Dong-Hui Xu and Guusje Bonnema and Xiao-Wu Wang},
  title = {A naturally occurring splicing site mutation in the Brassica rapa {FLC}1 gene is associated with variation in flowering time},
  journal = {Journal of Experimental Botany}
}

@article{Okazaki2006,
  doi = {10.1007/s00122-006-0460-6},
  url = {https://doi.org/10.1007/s00122-006-0460-6},
  year  = {2006},
  month = {nov},
  publisher = {Springer Nature},
  volume = {114},
  number = {4},
  pages = {595--608},
  author = {K. Okazaki and K. Sakamoto and R. Kikuchi and A. Saito and E. Togashi and Y. Kuginuki and S. Matsumoto and M. Hirai},
  title = {Mapping and characterization of {FLC} homologs and {QTL} analysis of flowering time in Brassica oleracea},
  journal = {Theoretical and Applied Genetics}
}

@article{Weller2012,
  doi = {10.1073/pnas.1207943110},
  url = {https://doi.org/10.1073/pnas.1207943110},
  year  = {2012},
  month = {dec},
  publisher = {Proceedings of the National Academy of Sciences},
  volume = {109},
  number = {51},
  pages = {21158--21163},
  author = {J. L. Weller and L. C. Liew and V. F. G. Hecht and V. Rajandran and R. E. Laurie and S. Ridge and B. Wenden and J. K. Vander Schoor and O. Jaminon and C. Blassiau and M. Dalmais and C. Rameau and A. Bendahmane and R. C. Macknight and I. Lejeune-Henaut},
  title = {A conserved molecular basis for photoperiod adaptation in two temperate legumes},
  journal = {Proceedings of the National Academy of Sciences}
}

@article{Matsubara2012,
  doi = {10.1093/pcp/pcs028},
  url = {https://doi.org/10.1093/pcp/pcs028},
  year  = {2012},
  month = {mar},
  publisher = {Oxford University Press ({OUP})},
  volume = {53},
  number = {4},
  pages = {709--716},
  author = {Kazuki Matsubara and Eri Ogiso-Tanaka and Kiyosumi Hori and Kaworu Ebana and Tsuyu Ando and Masahiro Yano},
  title = {Natural Variation in Hd17,  a Homolog of Arabidopsis {ELF}3 That is Involved in Rice Photoperiodic Flowering},
  journal = {Plant and Cell Physiology}
}

@article{Zakhrabekova2012,
  doi = {10.1073/pnas.1113009109},
  url = {https://doi.org/10.1073/pnas.1113009109},
  year  = {2012},
  month = {feb},
  publisher = {Proceedings of the National Academy of Sciences},
  volume = {109},
  number = {11},
  pages = {4326--4331},
  author = {S. Zakhrabekova and S. P. Gough and I. Braumann and A. H. Muller and J. Lundqvist and K. Ahmann and C. Dockter and I. Matyszczak and M. Kurowska and A. Druka and R. Waugh and A. Graner and N. Stein and B. Steuernagel and U. Lundqvist and M. Hansson},
  title = {Induced mutations in circadian clock regulator Mat-a facilitated short-season adaptation and range extension in cultivated barley},
  journal = {Proceedings of the National Academy of Sciences}
}

@article{Faure2012,
  doi = {10.1073/pnas.1120496109},
  url = {https://doi.org/10.1073/pnas.1120496109},
  year  = {2012},
  month = {may},
  publisher = {Proceedings of the National Academy of Sciences},
  volume = {109},
  number = {21},
  pages = {8328--8333},
  author = {S. Faure and A. S. Turner and D. Gruszka and V. Christodoulou and S. J. Davis and M. von Korff and D. A. Laurie},
  title = {Mutation at the circadian clock gene {EARLY} {MATURITY} 8 adapts domesticated barley (Hordeum vulgare) to short growing seasons},
  journal = {Proceedings of the National Academy of Sciences}
}

@article{Jeon2010,
  doi = {10.1016/j.plaphy.2010.03.006},
  url = {https://doi.org/10.1016/j.plaphy.2010.03.006},
  year  = {2010},
  month = {jun},
  publisher = {Elsevier {BV}},
  volume = {48},
  number = {6},
  pages = {383--392},
  author = {Jong-Seong Jeon and Nayeon Ryoo and Tae-Ryong Hahn and Harkamal Walia and Yasunori Nakamura},
  title = {Starch biosynthesis in cereal endosperm},
  journal = {Plant Physiology and Biochemistry}
}

@article{Fan2008,
  doi = {10.1007/s11032-008-9178-2},
  url = {https://doi.org/10.1007/s11032-008-9178-2},
  year  = {2008},
  month = {mar},
  publisher = {Springer Nature},
  volume = {22},
  number = {3},
  pages = {329--338},
  author = {Longjiang Fan and Liyan Quan and Xiaodong Leng and Xingyi Guo and Weiming Hu and Songlin Ruan and Huasheng Ma and Mengqian Zeng},
  title = {Molecular evidence for post-domestication selection in the Waxy gene of Chinese waxy maize},
  journal = {Molecular Breeding}
}

@article{Kawahigashi2013,
  doi = {10.1111/pbr.12054},
  url = {https://doi.org/10.1111/pbr.12054},
  year  = {2013},
  month = {apr},
  publisher = {Wiley},
  volume = {132},
  number = {3},
  pages = {305--310},
  author = {Hiroyuki Kawahigashi and Masao Oshima and Tomotaro Nishikawa and Hisahito Okuizumi and Shigemitsu Kasuga and Jun-ichi Yonemaru},
  editor = {T. L\"{u}bberstedt},
  title = {A novelwaxyallele in sorghum landraces in East Asia},
  journal = {Plant Breeding}
}

@article{Hunt2012,
  doi = {10.1093/molbev/mss209},
  url = {https://doi.org/10.1093/molbev/mss209},
  year  = {2012},
  month = {oct},
  publisher = {Oxford University Press ({OUP})},
  volume = {30},
  number = {1},
  pages = {109--122},
  author = {Harriet V. Hunt and Hannah M. Moots and Robert A. Graybosch and Huw Jones and Mary Parker and Olga Romanova and Martin K. Jones and Christopher J. Howe and Kay Trafford},
  title = {Waxy Phenotype Evolution in the Allotetraploid Cereal Broomcorn Millet: Mutations at the {GBSSI} Locus in Their Functional and Phylogenetic Context},
  journal = {Molecular Biology and Evolution}
}

@article{Park2011,
  doi = {10.1007/s11032-011-9640-4},
  url = {https://doi.org/10.1007/s11032-011-9640-4},
  year  = {2011},
  month = {sep},
  publisher = {Springer Nature},
  volume = {30},
  number = {1},
  pages = {511--520},
  author = {Young-Jun Park and Tomotaro Nishikawa and Norihiko Tomooka and Kazuhiro Nemoto},
  title = {The molecular basis of mutations at the Waxy locus from Amaranthus caudatus L.: evolution of the waxy phenotype in three species of grain amaranth},
  journal = {Molecular Breeding}
}

@article{ARENDT2008,
  doi = {10.1016/j.tree.2007.09.011},
  url = {https://doi.org/10.1016/j.tree.2007.09.011},
  year  = {2008},
  month = {jan},
  publisher = {Elsevier {BV}},
  volume = {23},
  number = {1},
  pages = {26--32},
  author = {J ARENDT and D REZNICK},
  title = {Convergence and parallelism reconsidered: what have we learned about the genetics of adaptation?},
  journal = {Trends in Ecology {\&} Evolution}
}

@article{Washburn2016,
  doi = {10.1086/686009},
  url = {https://doi.org/10.1086/686009},
  year  = {2016},
  month = {may},
  publisher = {University of Chicago Press},
  volume = {177},
  number = {4},
  pages = {305--318},
  author = {Jacob D. Washburn and Kevin A. Bird and Gavin C. Conant and J. Chris Pires},
  title = {Convergent Evolution and the Origin of Complex Phenotypes in the Age of Systems Biology},
  journal = {International Journal of Plant Sciences}
}

@article{Dong2015,
  doi = {10.3389/fpls.2015.00476},
  url = {https://doi.org/10.3389/fpls.2015.00476},
  year  = {2015},
  month = {jun},
  publisher = {Frontiers Media {SA}},
  volume = {6},
  author = {Yang Dong and Yin-Zheng Wang},
  title = {Seed shattering: from models to crops},
  journal = {Frontiers in Plant Science}
}

@misc{FAOSTAT2018,
  key = {Food and Agriculture Organization of the United Nations},
  title = {Commodities by country},
  howpublished = {http://faostat3.fao.org/},
 lastchecked = {08.09.2018},
}

@article{Goodwin1994,
  doi = {10.1073/pnas.91.24.11591},
  url = {https://doi.org/10.1073/pnas.91.24.11591},
  year  = {1994},
  month = {nov},
  publisher = {Proceedings of the National Academy of Sciences},
  volume = {91},
  number = {24},
  pages = {11591--11595},
  author = {S. B. Goodwin and B. A. Cohen and W. E. Fry},
  title = {Panglobal distribution of a single clonal lineage of the Irish potato famine fungus.},
  journal = {Proceedings of the National Academy of Sciences}
}

@article{Mei2018,
  doi = {10.1002/ajb2.1002},
  url = {https://doi.org/10.1002/ajb2.1002},
  year  = {2018},
  month = {jan},
  publisher = {Wiley},
  volume = {105},
  number = {1},
  pages = {16--19},
  author = {Wenbin Mei and Markus G. Stetter and Daniel J. Gates and Michelle C. Stitzer and Jeffrey Ross-Ibarra},
  title = {Adaptation in plant genomes: Bigger is different},
  journal = {American Journal of Botany}
}

@article{Xue2008,
  doi = {10.1038/ng.143},
  url = {https://doi.org/10.1038/ng.143},
  year  = {2008},
  month = {may},
  publisher = {Springer Nature},
  volume = {40},
  number = {6},
  pages = {761--767},
  author = {Weiya Xue and Yongzhong Xing and Xiaoyu Weng and Yu Zhao and Weijiang Tang and Lei Wang and Hongju Zhou and Sibin Yu and Caiguo Xu and Xianghua Li and Qifa Zhang},
  title = {Natural variation in Ghd7 is an important regulator of heading date and yield potential in rice},
  journal = {Nature Genetics}
}

@article{Murphy2014,
  doi = {10.3835/plantgenome2013.11.0040},
  url = {https://doi.org/10.3835/plantgenome2013.11.0040},
  year  = {2014},
  publisher = {Crop Science Society of America},
  volume = {7},
  number = {2},
  pages = {0},
  author = {Rebecca L. Murphy and Daryl T. Morishige and Jeff A. Brady and William L. Rooney and Shanshan Yang and Patricia E. Klein and John E. Mullet},
  title = {() Represses Sorghum Flowering in Long Days: Alleles Enhance Biomass Accumulation and Grain Production},
  journal = {The Plant Genome}
}

@article{Hua2015,
  doi = {10.1105/tpc.15.00260},
  url = {https://doi.org/10.1105/tpc.15.00260},
  year  = {2015},
  month = {jun},
  publisher = {American Society of Plant Biologists ({ASPB})},
  volume = {27},
  number = {7},
  pages = {1875--1888},
  author = {Lei Hua and Diane R. Wang and Lubin Tan and Yongcai Fu and Fengxia Liu and Langtao Xiao and Zuofeng Zhu and Qiang Fu and Xianyou Sun and Ping Gu and Hongwei Cai and Susan R. McCouch and Chuanqing Sun},
  title = {{LABA}1,  a Domestication Gene Associated with Long,  Barbed Awns in Wild Rice},
  journal = {The Plant Cell}
}
